@article{ref1,
    Author = {Johan Tordsson and Rubén S. Montero and and Rafael Moreno-Vozmediano},
    title = {Cloud brokering mechanisms for optimized placement of virtual machines across multiple
        providers},
    Journal={Future Generation Computer Systems},
    Volume={28},
    Year={2012},
    Pages={358–36}
}
@article{ref2,
    Author = {Mark Stillwella and David Schanzenbach and Frédéric Vivien},
    title ={Resource Allocation Al- gorithms for Virtualized Service Hosting Platforms},
    journal={Preprint submitted to Journal of Parallel and Distributed Computing},
    year={2010}
}
@inproceedings{ref3,
    Author = {P. Barham and B. Dragovic and K. Fraser},
    title = {Xen and the art of virtualization},
    booktitle ={In Proc. of the ACM Symp. on Operating Systems Principles},
    pages={164–71},
    year={2003}
}
@inproceedings{ref4,
    author={D. Ongaro  A. L. Cox and S. Rixner},
    title={Scheduling I/O in Virtual Machine Monitors},
    booktitle={In Proc. of the ACM SIGPLAN/SIGOPS Intl. Conf. on Virtual Execution Environment (VEE)},
    year={March 2008}
}
@inproceedings{ref5,
    author={B. Hindman and A. Konwinski and M. Zaharia},
    title={Mesos: A Platform for Fine-Grained Resource Sharing in the Data Center},
    booktitle={NSDI},
    year={2011}
}

@inproceedings{ref6,
    author={A. Ghodsi and M. Zaharia and B. Hindman},
    title={Dominant Resource Fairness: Fair Allocation of Multiple Resources Types},
    booktitle={NSDI},
    year={2011}
}

@inproceedings{ref7,
    author={W. Zhao and Z. Wang},
    title={Dynamic Memory Balancing for Virtual Machines},
    booktitle = {In Proceed-ings of the 2009 ACM SIGPLAN/SIGOPS international conference on Virtual
        Execution Environments},
    year={2009},
}
@inproceedings{ref8,
    author={Xin Sun and Sen Su and Peng Xu},
    title={Multi-dimensional Resource Integrated Scheduling In a Shared Data Center},
    booktitle={31st International Conference on Distributed Computing Systems Workshops},
    year={2011}
}
@inproceedings{ref9,
    author={Michael R. Head Andrzej Kochut and Charles Schulz},
    title={Virtual Hypervisor: Enabling Fair and Economical Resource Partitioning in Cloud
        Environmentsa},
    booktitle={NOMS},
    year={2010},
    pages={104–111}
}
@article{ref10,
    author={Shailesh Sawant},
    title={A Genetic Algorithm Scheduling Approach for Virtual Machine Re-sources in a Cloud
        Computing},
    journal={San Jose State University Master’s Theses and Graduate Researc},
    year={2011}
}
@article{ref11,
    author={Paolo Campegiani},
    title={A Genetic Algorithm to Solve the Virtual Machines Resources Allo-cation Problem in
        Multi-tier Distributed Systems},
    year={2010}
}
@article{ref12,
    author={Ekow Otooa and Ali Pinarb and Doron Rotema},
    title={A Θ(n) Approximation Algorithm for 2-Dimensional Vector Packi},
    year={2011}
}
@article{ref13,
    author={David Karger and Krzysztof Onak},
    title={Polynomial Approximation Schemes for Smoothed and Random Instances of Multidimensional
        Packing Problems},
    journal={Society for Industrialand AppliedMathematic},
    pages={1207–121},
    year={2007}
}
@inproceedings{ref14,
    author={Kenneth J. Duda and David R. Cheriton},
    title={Borrowed-Virtual-Time (BVT) schedul- ing:supporting latency-sensitive threads in a
        general-purpose scheduleri},
    booktitle={Proceedings of the seventeenth ACM symposium on Operating systems principles},
    pages={261-276},
    year={1999}
}
@online{ref15,
    author={董西成},
    title={统一资源管理与调度平台(系统)介绍},
    URL= {http://dongxicheng.org/mapreduce},
}
@online{ref16,
    author={Apache Software Foundation},
    title={Fair Scheduler},
    URL={http://hadoop.apache.org/common/docs/r0.20.2/fair\_scheduler.html}
}
@online{ref17,
    author={Apache},
    title={CapacityScheduler},
    URL={http://hadoop.apache.org/common/docs/r0.20.2/capacity\_scheduler.html}
}

@article{ref18,
    author={R.E.Tarjan},
    title={Depth-first search and linear grapah algorithms},
    year={1972},
    journal={SIAM Journal on Computing}
}

@Book{ref19,
    author={Cormen Thomas H and Leiserson Charles E and Rivest Ronald L},
    title={Introduction to Algorithms},
    ISBN={ISBN 0-262-03293-7}
}

@techreport{ref20,
    Author = {Ousterhout and Kay and Wendell and Patrick and Zaharia and Matei and Stoica and Ion},
    Title = {Sparrow: Scalable Scheduling for Sub-Second Parallel Jobs},
    Institution = {EECS Department, University of California, Berkeley},
    Year = {2013},
    Month = {Apr},
    URL = {http://www.eecs.berkeley.edu/Pubs/TechRpts/2013/EECS-2013-29.html},
    Number = {UCB/EECS-2013-29},
}

@inproceedings{ref21,
    Author = {Rizos Sakellariou and Henan Zhao},
    title = {A Hybrid Heuristic for DAG Scheduling on Heterogeneous Systems},
    year={2004},
    booktitle={18th International Parallel and Distributed Processing Symposium}
}

@article{ref22,
    Author = {Vinod Kumar Vavilapalli},
    title = {Apache Hadoop YARN: Yet Another Resource Negotiator},
    year = {2013},
    Journal = {SoCC’1}
}

@inproceedings{ref23,
    Author = {Arka A. Bhattacharya},
    Title = {Hierarchical Scheduling for Diverse Datacenter Workloads},
    year = {2013},
    booktitle={SoCC'13}
}

@inproceedings{ref24,
    Author={Gunho Lee},
    title={Topology-Aware Resource Allocation for Data-Intensive Workloads},
    year={2010},
    booktitle = {APSys 2010}
}

@inproceedings{ref25,
    author={Thomas A. Henzinger Vasu Singh},
    title={Scheduling Large Jobs by Abstraction Refinement},
    year={2011},
    booktitle={EuroSys'11}
}

@inproceedings{ref26,
    author={Yang Guo and Alexander L. Stolyar},
    title={Shadow-Routing Based Dynamic Algorithms for Virtual Machine Placement in a Network Cloud},
    year={IEEE INFOCOM},
    booktitle={2013},
}
@inproceedings{ref27,
    author={J.W. Jiang andT. Lance},
    title={Joint VM Placement and Routing for Data Center Traffic Engineering.},
    year={2012},
    booktitle={IEEE INFOCOM},
}
@article{ref28,
    author={M. Armbrust and A. Fox},
    title={Above the clouds: A Berkeley view of cloud computing},
    year={2010},
    journal={Communications of the ACM},

}
@online{ref29,
    author={Apache Software Foundation},
    title={Hadoop},
    URL={http://hadoop.apache.org.},
}

@article{ref30,
    author={Apache Software Foundation},
    title={Apache Tez},
    URL={http://incubator.apache.org/projects/tez.html},

}
@article{ref31,
    author={M. Isard and M. Budiu and Y. Yu and A. Birrell and D. Fet- terly},
    title={Dryad: distributed data-parallel programs from sequential building blocks},
    year={2007},
    journal={n Proceedings of the 2nd ACM SIGOPS/EuroSys European Con-ference on Computer Systems 2007},

}
@Book{ref32,
    author={O’Malley},
    title={Hadoop:TheDefinitiveGuide,chap- ter Hadoop at Yahoo},
    publisher={O’Reilly Media},
    year={2012},

}
@inproceedings{ref33,
    author={M. Schwarzkopf and A. Konwinski and M. Abd-El- Malek and J. Wilkes.},
    title={Omega: flexible, scalable schedulers for large compute clusters.},
    year={2013},
    booktitle={In Proceedings of the 8th ACM European Conference on Computer Systems  EuroSys ’13},
    pages={351-364},

}
@online{ref34,
    author={WikiPedia},
    title={Fairness\_measure},
    URL={http://en.wikipedia.org/wiki/Fairness\_measure}
}
@article{ref35,
    author={Jain, R and Chiu, D.W},
    title={ A Quantitative Measure of Fairness and Discrimination for Resource Allocation in Shared Computer Systems},
    year={1984},
    journal={DEC Research Report TR-301},
}
@inproceedings{ref36,
    author={Michael Isard and Vijayan Prabhakaran},
    title={Quincy:Fair Scheduling for Distributed Computing Clusters},
    year={2009},
    booktitle={SOSP '09 Proceedings of the ACM SIGOPS 22nd symposium on Operating systems principles},

}
@inproceedings{ref37,
    author={MateiZaharia DhrubaBorthakur},
    title={Delay Scheduling: A SimpleTechnique for Achieving Locality and Fairness in Cluster
        Scheduling},
    year={2010},
    booktitle={In Pro-ceedings of the 8th ACM European Conference on Computer Systems EuroSys'10},
}

@Book{ref38,
    author={张俊林},
    title={大数据日知录架构与算法},
    publisher={电子工业出版社},
    year={2014},
}

